@article{Bomfim.2003,
  title={Pre-announcement effects, news effects, and volatility: Monetary policy and the stock market},
  author={Bomfim, Antulio N},
  journal={Journal of Banking \& Finance},
  volume={27},
  number={1},
  pages={133--151},
  year={2003},
  publisher={Elsevier}
}

@inproceedings{Ding.2008,
  title={A holistic lexicon-based approach to opinion mining},
  author={Ding, Xiaowen and Liu, Bing and Yu, Philip S},
  booktitle={Proceedings of the 2008 international conference on web search and data mining},
  pages={231--240},
  year={2008},
  organization={ACM}
}

@inproceedings{Ding.2009,
  title={Entity discovery and assignment for opinion mining applications},
  author={Ding, Xiaowen and Liu, Bing and Zhang, Lei},
  booktitle={Proceedings of the 15th ACM SIGKDD international conference on Knowledge discovery and data mining},
  pages={1125--1134},
  year={2009},
  organization={ACM}
}

@book{Fellbaum.1998,
  title={WordNet},
  author={Fellbaum, Christiane},
  year={1998},
  publisher={Wiley Online Library}
}

@inproceedings{Ganapathibhotla.2008,
  title={Mining opinions in comparative sentences},
  author={Ganapathibhotla, Murthy and Liu, Bing},
  booktitle={Proceedings of the 22nd International Conference on Computational Linguistics-Volume 1},
  pages={241--248},
  year={2008},
  organization={Association for Computational Linguistics}
}

@inproceedings{Guo.2009,
  title={Product feature categorization with multilevel latent semantic association},
  author={Guo, Honglei and Zhu, Huijia and Guo, Zhili and Zhang, XiaoXun and Su, Zhong},
  booktitle={Proceedings of the 18th ACM conference on Information and knowledge management},
  pages={1087--1096},
  year={2009},
  organization={ACM}
}

@article{Gurkaynak.2004,
  title={Do actions speak louder than words? The response of asset prices to monetary policy actions and statements},
  author={G{\"u}rkaynak, Refet S and Sack, Brian P and Swanson, Eric T},
  year={2004},
  publisher={FEDS Working Paper}
}

@article{Gurkaynak.2005,
  title={The sensitivity of long-term interest rates to economic news: evidence and implications for macroeconomic models},
  author={G{\"u}rkaynak, Refet S and Sack, Brian and Swanson, Eric T},
  journal={The American Economic Review},
  volume={95},
  number={1},
  pages={425--436},
  year={2005},
  publisher={JSTOR}
}

@article{Guthrie.2000,
  title={Open mouth operations},
  author={Guthrie, Graeme and Wright, Julian},
  journal={Journal of Monetary Economics},
  volume={46},
  number={2},
  pages={489--516},
  year={2000},
  publisher={Elsevier}
}

@article{Hautsch.2002,
  title={The processing of non-anticipated information in financial markets: Analyzing the impact of surprises in the employment report},
  author={Hautsch, Nikolaus and Hess, Dieter},
  journal={European Finance Review},
  volume={6},
  number={2},
  pages={133--161},
  year={2002},
  publisher={Kluwer Academic Publishers}
}

@article{Hautsch.2011,
  title={The impact of macroeconomic news on quote adjustments, noise, and informational volatility},
  author={Hautsch, Nikolaus and Hess, Dieter and Veredas, David},
  journal={Journal of Banking \& Finance},
  volume={35},
  number={10},
  pages={2733--2746},
  year={2011},
  publisher={Elsevier}
}

@article{Hess.2004,
  title={Determinants of the relative price impact of unanticipated information in US macroeconomic releases},
  author={Hess, Dieter},
  journal={Journal of Futures Markets},
  volume={24},
  number={7},
  pages={609--629},
  year={2004},
  publisher={Wiley Online Library}
}

@article{Hess.2010a,
  title={The early news catches the attention: On the relative price impact of similar economic indicators},
  author={Hess, Dieter and Niessen, Alexandra},
  journal={Journal of Futures Markets},
  volume={30},
  number={10},
  pages={909--937},
  year={2010},
  publisher={Wiley Online Library}
}

@inproceedings{Hess.2010b,
  title={Price adjustment to news with uncertain precision},
  author={Hess, Dieter and Hautsch, Nikolaus and M{\"u}ller, Christoph},
  booktitle={EFA 2009 Bergen Meetings Paper},
  year={2010}
}

@inproceedings{Hatzivassiloglou.1997,
  title={Predicting the semantic orientation of adjectives},
  author={Hatzivassiloglou, Vasileios and McKeown, Kathleen R},
  booktitle={Proceedings of the eighth conference on European chapter of the Association for Computational Linguistics},
  pages={174--181},
  year={1997},
  organization={Association for Computational Linguistics}
}

@inproceedings{Jindal.2006,
  title={Identifying comparative sentences in text documents},
  author={Jindal, Nitin and Liu, Bing},
  booktitle={Proceedings of the 29th annual international ACM SIGIR conference on Research and development in information retrieval},
  pages={244--251},
  year={2006},
  organization={ACM}
}

@inproceedings{Kanayama.2006,
  title={Fully automatic lexicon expansion for domain-oriented sentiment analysis},
  author={Kanayama, Hiroshi and Nasukawa, Tetsuya},
  booktitle={Proceedings of the 2006 conference on empirical methods in natural language processing},
  pages={355--363},
  year={2006},
  organization={Association for Computational Linguistics}
}

@article{Liu.2010,
  title={Sentiment Analysis and Subjectivity},
  author={Liu, Bing},
  journal={Handbook of natural language processing},
  volume={2},
  pages={627--666},
  year={2010}
}

@article{Liu.2012,
  title={Sentiment analysis and opinion mining},
  author={Liu, Bing},
  journal={Synthesis lectures on human language technologies},
  volume={5},
  number={1},
  pages={1--167},
  year={2012},
  publisher={Morgan \& Claypool Publishers}
}

@article{Lucca.2015,
  title={The Pre-FOMC Announcement Drift},
  author={Lucca, David O and Moench, Emanuel},
  journal={The Journal of Finance},
  volume={70},
  number={1},
  pages={329--371},
  year={2015},
  publisher={Wiley Online Library}
}

@article{Neely.2010,
  title={A survey of announcement effects on foreign exchange returns},
  author={Neely, Christopher J and Dey, S Rubun},
  journal={Review},
  volume={92},
  year={2010}
}

@inproceedings{Pang.2002,
  title={Thumbs up?: sentiment classification using machine learning techniques},
  author={Pang, Bo and Lee, Lillian and Vaithyanathan, Shivakumar},
  booktitle={Proceedings of the ACL-02 conference on Empirical methods in natural language processing-Volume 10},
  pages={79--86},
  year={2002},
  organization={Association for Computational Linguistics}
}

@Manual{rProject,
  title = {R: A Language and Environment for Statistical Computing},
  author = {{R Core Team}},
  organization = {R Foundation for Statistical Computing},
  address = {Vienna, Austria},
  year = {2016},
  url = {https://www.R-project.org/},
}

@inproceedings{Riloff.2006,
  title={Feature subsumption for opinion analysis},
  author={Riloff, Ellen and Patwardhan, Siddharth and Wiebe, Janyce},
  booktitle={Proceedings of the 2006 conference on empirical methods in natural language processing},
  pages={440--448},
  year={2006},
  organization={Association for Computational Linguistics}
}

@article{Tetlock.2007,
  title={Giving content to investor sentiment: The role of media in the stock market},
  author={Tetlock, Paul C},
  journal={The Journal of Finance},
  volume={62},
  number={3},
  pages={1139--1168},
  year={2007},
  publisher={Wiley Online Library}
}

% Text Mining package, cite both!
@Manual{tmpackage1,
  title = {tm: Text Mining Package},
  author = {Ingo Feinerer and Kurt Hornik},
  year = {2015},
  note = {R package version 0.6-2},
  url = {https://CRAN.R-project.org/package=tm},
}

@Article{tmpackage2,
  title = {Text Mining Infrastructure in R},
  author = {Ingo Feinerer and Kurt Hornik and David Meyer},
  year = {2008},
  journal = {Journal of Statistical Software},
  volume = {25},
  number = {5},
  pages = {1--54},
  url = {http://www.jstatsoft.org/v25/i05/},
  month = {March},
}

@inproceedings{Turney.2002,
  title={Thumbs up or thumbs down?: semantic orientation applied to unsupervised classification of reviews},
  author={Turney, Peter D},
  booktitle={Proceedings of the 40th annual meeting on association for computational linguistics},
  pages={417--424},
  year={2002},
  organization={Association for Computational Linguistics}
}

@inproceedings{Wang.2010,
  title={Latent aspect rating analysis on review text data: a rating regression approach},
  author={Wang, Hongning and Lu, Yue and Zhai, Chengxiang},
  booktitle={Proceedings of the 16th ACM SIGKDD international conference on Knowledge discovery and data mining},
  pages={783--792},
  year={2010},
  organization={ACM}
}

@inproceedings{Wiebe.1999,
  title={Development and use of a gold-standard data set for subjectivity classifications},
  author={Wiebe, Janyce M and Bruce, Rebecca F and O'Hara, Thomas P},
  booktitle={Proceedings of the 37th annual meeting of the Association for Computational Linguistics on Computational Linguistics},
  pages={246--253},
  year={1999},
  organization={Association for Computational Linguistics}
}

@article{Wiebe.2000,
  title={Learning subjective adjectives from corpora},
  author={Wiebe, Janyce},
  journal={AAAI/IAAI},
  volume={20},
  number={0},
  pages={0},
  year={2000}
}

@article{Wiebe.2004,
  title={Learning subjective language},
  author={Wiebe, Janyce and Wilson, Theresa and Bruce, Rebecca and Bell, Matthew and Martin, Melanie},
  journal={Computational linguistics},
  volume={30},
  number={3},
  pages={277--308},
  year={2004},
  publisher={MIT Press}
}

@book{Williams.2011,
  title={Data mining with Rattle and R: The art of excavating data for knowledge discovery},
  author={Williams, Graham},
  year={2011},
  publisher={Springer Science \& Business Media}
}

@inproceedings{Yu.2003,
  title={Towards answering opinion questions: Separating facts from opinions and identifying the polarity of opinion sentences},
  author={Yu, Hong and Hatzivassiloglou, Vasileios},
  booktitle={Proceedings of the 2003 conference on Empirical methods in natural language processing},
  pages={129--136},
  year={2003},
  organization={Association for Computational Linguistics}
}